<?xml version="1.0" encoding="utf-8"?>
<record xmlns="http://www.loc.gov/MARC21/slim" xmlns:xsi="http://www.w3.org/2001/XMLSchema-instance" xsi:schemaLocation="http://www.loc.gov/MARC21/slim http://www.loc.gov/standards/marcxml/schema/MARC21slim.xsd">
	<leader>     nam a22        4500</leader>
	<controlfield tag="001">2958999</controlfield>
	<controlfield tag="003">NNC</controlfield>
	<controlfield tag="006">m        d        </controlfield>
	<controlfield tag="007">cr cn |||m|||a</controlfield>
	<controlfield tag="008">161117m19499999ua a    o     000 0 araod</controlfield>
	<datafield ind1=" " ind2=" " tag="040">
		<subfield code="a">NNU</subfield>
		<subfield code="b">eng</subfield>
		<subfield code="e">rda</subfield>
		<subfield code="c">NNU</subfield>
	</datafield>
	<datafield ind1=" " ind2="4" tag="050">
		<subfield code="a">BP189</subfield>
		<subfield code="b">.J54 1949</subfield>
	</datafield>
	<datafield ind1="1" ind2=" " tag="100">
		<subfield code="6">880-01</subfield>
		<subfield code="a">Jīlī, ʻAbd al-Karīm ibn Ibrāhīm,</subfield>
		<subfield code="d">1365 or 1366-</subfield>
	</datafield>
	<datafield ind1="1" ind2="3" tag="245">
		<subfield code="6">880-02</subfield>
		<subfield code="a">Al-Insān al-kāmil fī maʻrifat al-awākhir wa-al-awāʼil /</subfield>
		<subfield code="c">taʼlīf ʻAbd al-Karīm ibn Ibrāhīm al-Jīlānī. Wa-bi-hāmishih arbaʻat kutub min taʼlīf ḥujjat al-Islām Abī Ḥāmid ibn Muḥammad al-Ghazzālī :</subfield>
		<subfield code="b">1- Iljām al-ʻawām ʻan ʻilm al-kalām. 2- al-Munqiẓ min al-ḍalāl. 3- al-Maḍnūn bih ʻalá ghayr ahlih. 4- al-Maḍnūn al-ṣaghīr al-mawsūm bi-al-ajwibah al-Ghazzālīyah fī-al-masāʼil al-ukhrawīyah.</subfield>
	</datafield>
	<datafield ind1=" " ind2=" " tag="260">
		<subfield code="6">880-03</subfield>
		<subfield code="a">Miṣr :</subfield>
		<subfield code="b">Yuṭlab min Maktabat wa-Maṭbaʻat Muhammad ʻAlī Ṣabīh,</subfield>
		<subfield code="c">[1949]-</subfield>
	</datafield>
	<datafield ind1=" " ind2=" " tag="300">
		<subfield code="a">online resource (volumes) :</subfield>
		<subfield code="b">illustrations</subfield>
	</datafield>
	<datafield ind1=" " ind2=" " tag="336">
		<subfield code="a">text</subfield>
		<subfield code="2">rdacontent</subfield>
	</datafield>
	<datafield ind1=" " ind2=" " tag="337">
		<subfield code="a">computer</subfield>
		<subfield code="2">rdamedia</subfield>
	</datafield>
	<datafield ind1=" " ind2=" " tag="338">
		<subfield code="a">online resource</subfield>
		<subfield code="2">rdacarrier</subfield>
	</datafield>
	<datafield ind1=" " ind2=" " tag="500">
		<subfield code="a">Part of the Arabic Collections Online (ACO) project, contributed by Columbia University Libraries.</subfield>
	</datafield>
	<datafield ind1=" " ind2=" " tag="533">
		<subfield code="a">Electronic reproduction.</subfield>
		<subfield code="b">New York, N.Y. :</subfield>
		<subfield code="c">New York University,</subfield>
		<subfield code="d">2016.</subfield>
		<subfield code="5">NNU</subfield>
	</datafield>
	<datafield ind1=" " ind2="0" tag="650">
		<subfield code="a">Mysticism</subfield>
		<subfield code="x">Islam</subfield>
		<subfield code="v">Early works to 1800.</subfield>
	</datafield>
	<datafield ind1=" " ind2="0" tag="650">
		<subfield code="a">Philosophy, Arab.</subfield>
	</datafield>
	<datafield ind1=" " ind2="7" tag="650">
		<subfield code="a">Mysticism</subfield>
		<subfield code="x">Islam.</subfield>
		<subfield code="2">fast</subfield>
		<subfield code="0">(OCoLC)fst01031643</subfield>
	</datafield>
	<datafield ind1=" " ind2="7" tag="650">
		<subfield code="a">Philosophy, Arab.</subfield>
		<subfield code="2">fast</subfield>
		<subfield code="0">(OCoLC)fst01060873</subfield>
	</datafield>
	<datafield ind1=" " ind2="7" tag="655">
		<subfield code="a">Early works.</subfield>
		<subfield code="2">fast</subfield>
		<subfield code="0">(OCoLC)fst01411636</subfield>
	</datafield>
	<datafield ind1="0" ind2=" " tag="700">
		<subfield code="6">880-04</subfield>
		<subfield code="a">Ghazzālī,</subfield>
		<subfield code="d"> 1058-1111.</subfield>
		<subfield code="t">Iljām al-ʻawām ʻan ʻilm al-kalām. </subfield>
	</datafield>
	<datafield ind1="0" ind2=" " tag="700">
		<subfield code="6">880-05</subfield>
		<subfield code="a">Ghazzālī,</subfield>
		<subfield code="d">1058-1111.</subfield>
		<subfield code="t">Munqidh min al-ḍalāl.</subfield>
	</datafield>
	<datafield ind1="0" ind2=" " tag="700">
		<subfield code="6">880-06</subfield>
		<subfield code="a">Ghazzālī,</subfield>
		<subfield code="d">1058-1111.</subfield>
		<subfield code="t">Maḍnūn bih ʻan ghayr ahlih.</subfield>
	</datafield>
	<datafield ind1="0" ind2=" " tag="700">
		<subfield code="6">880-07</subfield>
		<subfield code="a">Ghazzālī,</subfield>
		<subfield code="d"> 1058-1111.</subfield>
		<subfield code="t">Maḍnūn al-ṣaghīral-mawsūm bi- al-ajwibah. </subfield>
	</datafield>
	<datafield ind1="2" ind2=" " tag="710">
		<subfield code="a">Columbia University.</subfield>
		<subfield code="b">Libraries.</subfield>
	</datafield>
	<datafield ind1="0" ind2=" " tag="730">
		<subfield code="a">Arabic Collections Online.</subfield>
	</datafield>
	<datafield ind1="0" ind2="8" tag="776">
		<subfield code="i">Print version:</subfield>
		<subfield code="a">Jīlī, ʻAbd al-Karīm ibn Ibrāhīm, 1365 or 1366-</subfield>
		<subfield code="t">Al-Insān al-kāmil fī maʻrifat al-awākhir wa-al-awāʼil</subfield>
		<subfield code="w">(NNC)2958999</subfield>
		<subfield code="w">(OCoLC)45902163</subfield>
	</datafield>
	<datafield ind1="4" ind2="0" tag="856">
		<subfield code="u">http://hdl.handle.net/2333.1/dfn2z7dq</subfield>
	</datafield>
	<datafield ind1="1" ind2=" " tag="880">
		<subfield code="6">100-01/r</subfield>
		<subfield code="a">جيلي، عبد الكريم بن ابراهيم،</subfield>
		<subfield code="d">1365 or 1366-</subfield>
	</datafield>
	<datafield ind1="1" ind2="2" tag="880">
		<subfield code="6">245-02/r</subfield>
		<subfield code="a">الانسان الكامل في معرفة الاواخر والاوائل /</subfield>
		<subfield code="c">تأليف عبد الكريم بن ابراهيم الجيلاني. وبهامشه اربعة كتب من تأليف حجة الاسلام ابي حامد بن محمد الغزالي :</subfield>
		<subfield code="b">1 الجام العوام عن علم الكلام. 2 المنقذ من الضلال. 3 المضنون به على غير اهله. 4 المضنون الصغير الموسوم بالاجوبة الغزالية في المسائل الأخروية.</subfield>
	</datafield>
	<datafield ind1=" " ind2=" " tag="880">
		<subfield code="6">260-03/r</subfield>
		<subfield code="a">مصر :</subfield>
		<subfield code="b">يطلب من مكتبة ومطبعة محمد علي صبيح،</subfield>
		<subfield code="c">[1949]-</subfield>
	</datafield>
	<datafield ind1="0" ind2=" " tag="880">
		<subfield code="6">700-04/r</subfield>
		<subfield code="a">غزالي،</subfield>
		<subfield code="d">1058-1111.</subfield>
		<subfield code="t">الجام العوام عن علم الكلام. </subfield>
	</datafield>
	<datafield ind1="0" ind2=" " tag="880">
		<subfield code="6">700-05/r</subfield>
		<subfield code="a">غزالي،</subfield>
		<subfield code="d">1058-1111.</subfield>
		<subfield code="t">منقظ من الضلال.</subfield>
	</datafield>
	<datafield ind1="0" ind2=" " tag="880">
		<subfield code="6">700-06/r</subfield>
		<subfield code="a">غزالي،</subfield>
		<subfield code="d">1058-1111.</subfield>
		<subfield code="t">مضنون به عن غير اهله.</subfield>
	</datafield>
	<datafield ind1="0" ind2=" " tag="880">
		<subfield code="6">700-07/r</subfield>
		<subfield code="a">غزالي،</subfield>
		<subfield code="d">1058-1111.</subfield>
		<subfield code="t">مضنون الصغيرالموسوم بالاجوبة. </subfield>
	</datafield>
	<datafield ind1=" " ind2=" " tag="959">
		<subfield code="a">NNU</subfield>
		<subfield code="b">WEB</subfield>
		<subfield code="c">GENI</subfield>
		<subfield code="t">0</subfield>
		<subfield code="m">Electronic access</subfield>
		<subfield code="s">01</subfield>
	</datafield>
	<datafield ind1=" " ind2=" " tag="999">
		<subfield code="i">NNC_2958999</subfield>
		<subfield code="o">(OCoLC)ocm45902163</subfield>
		<subfield code="s">columbia_aco002127:v.1</subfield>
		<subfield code="e">(ERROR-880)</subfield>
		<subfield code="s">columbia_aco002127:v.1</subfield>
	</datafield>
</record>
